@article{2009A,
  title={A comparative analysis of several asymmetric traveling salesman problem formulations},
  author={ Oencan, Temel  and  Altinel, I. Kuban  and  Laporte, Gilbert },
  journal={Computers \& Operations Research},
  volume={36},
  number={3},
  pages={637-654},
  year={2009},
  doi={10.1016/j.cor.2007.11.008}
}
@article{2012Models,
  title={Models and algorithms for the Asymmetric Traveling Salesman Problem: an experimental comparison},
  author={ Roberti, Roberto  and  Toth, Paolo },
  journal={Euro Journal on Transportation \& Logistics},
  volume={1},
  number={1-2},
  pages={113-133},
  year={2012},
  doi={10.1007/s13676-012-0010-0}
}
@book{papadimitriou1998combinatorial,
  title={Combinatorial optimization: algorithms and complexity},
  author={Papadimitriou, Christos H and Steiglitz, Kenneth},
  year={1998},
  publisher={Dover Publications},
  address={Mineola, NY},
  edition={Dover edition},
  pages={308--309},
  isbn={9780486402581}
}
@article{1960Integer,
  title={Integer Programming Formulation of Traveling Salesman Problems},
  author={ Miller, C. E.  and  Tucker, A. W.  and  Zemlin, R. A. },
  journal={Journal of the Acm},
  volume={7},
  number={4},
  pages={326-329},
  year={1960},
  doi={10.1145/321043.321046}
}
@article{1959The,
  title={The Truck Dispatching Problem},
  author={ Dantzig, G. B.  and  Ramser, J. H. },
  journal={Management Science},
  volume={6},
  number={1},
  pages={80-91},
  year={1959},
  doi={10.1287/mnsc.6.1.80}
}
@article{2014Vehicle,
  title={Vehicle Routing: Problems, Methods, and Applications, Second Edition},
  author={ Toth, Paolo  and  Vigo, Daniele },
  journal={Society for Industrial and Applied Mathematics},
  year={2014},
  pages={4-6},
  doi={10.1137/1.9781611973594.fm}
}
