@article{liDeepReinforcementLearning2021,
  title = {Deep {{Reinforcement Learning}} for {{Multiobjective Optimization}}},
  author = {Li, Kaiwen and Zhang, Tao and Wang, Rui},
  year = {2021},
  month = jun,
  journal = {IEEE Transactions on Cybernetics},
  volume = {51},
  number = {6},
  pages = {3103--3114},
  issn = {2168-2275},
  doi = {10.1109/TCYB.2020.2977661},
  urldate = {2025-09-08},
  annotation = {TLDR: The proposed DRL-MOA method provides a new way of solving the MOP by means of DRL that has shown a set of new characteristics, for example, strong generalization ability and fast solving speed in comparison with the existing methods for multiobjective optimizations.}
}
@book{miettinen1999nonlinear,
  title={Nonlinear multiobjective optimization},
  author={Miettinen, Kaisa},
  volume={12},
  year={1999},
  publisher={Springer Science \& Business Media}
}
@ARTICLE{7572016,
  author={Wang, Rui and Zhou, Zhongbao and Ishibuchi, Hisao and Liao, Tianjun and Zhang, Tao},
  journal={IEEE Transactions on Evolutionary Computation}, 
  title={Localized Weighted Sum Method for Many-Objective Optimization}, 
  year={2018},
  volume={22},
  number={1},
  pages={3-18},
  keywords={Pareto optimization;Chebyshev approximation;Evolutionary computation;Search problems;Shape;Benchmark testing;Decomposition;evolutionary computation;local;multiobjective evolutionary algorithm based on decomposition (MOEA/D);multiobjective optimization;weighted sum (WS)},
  doi={10.1109/TEVC.2016.2611642}
}
@ARTICLE{7390047,
  author={Wang, Rui and Zhang, Qingfu and Zhang, Tao},
  journal={IEEE Transactions on Evolutionary Computation}, 
  title={Decomposition-Based Algorithms Using Pareto Adaptive Scalarizing Methods}, 
  year={2016},
  volume={20},
  number={6},
  pages={821-837},
  keywords={Pareto optimization;Chebyshev approximation;Approximation algorithms;Geometry;Evolutionary computation;Linear programming;Decomposition;evolutionary computation;multiobjective evolutionary algorithm based on decomposition (MOEA/D);multiobjective optimization;scalarizing method},
  doi={10.1109/TEVC.2016.2521175}
}
@article{zhangMOEAMultiobjectiveEvolutionary2007,
  title = {{{MOEA}}/{{D}}: {{A Multiobjective Evolutionary Algorithm Based}} on {{Decomposition}}},
  shorttitle = {{{MOEA}}/{{D}}},
  author = {Zhang, Qingfu and Li, Hui},
  year = {2007},
  month = dec,
  journal = {IEEE Transactions on Evolutionary Computation},
  volume = {11},
  number = {6},
  pages = {712--731},
  issn = {1941-0026},
  doi = {10.1109/TEVC.2007.892759},
  urldate = {2025-10-14},
  annotation = {TLDR: Experimental results have demonstrated that MOEA/D with simple decomposition methods outperforms or performs similarly to MOGLS and NSGA-II on multiobjective 0-1 knapsack problems and continuous multiobjectives optimization problems.}
}
@inproceedings{vinyalsPointerNetworks2015,
  title = {Pointer {{Networks}}},
  booktitle = {Advances in {{Neural Information Processing Systems}}},
  author = {Vinyals, Oriol and Fortunato, Meire and Jaitly, Navdeep},
  year = {2015},
  volume = {28},
  publisher = {Curran Associates, Inc.},
  urldate = {2025-10-14}
}
@inproceedings{nazariReinforcementLearningSolving2018,
  title = {Reinforcement {{Learning}} for {{Solving}} the {{Vehicle Routing Problem}}},
  booktitle = {Advances in {{Neural Information Processing Systems}}},
  author = {Nazari, MohammadReza and Oroojlooy, Afshin and Snyder, Lawrence and Takac, Martin},
  year = {2018},
  volume = {31},
  publisher = {Curran Associates, Inc.},
  urldate = {2025-10-14}
}
@misc{belloNeuralCombinatorialOptimization2017,
  title = {Neural {{Combinatorial Optimization}} with {{Reinforcement Learning}}},
  author = {Bello, Irwan and Pham, Hieu and Le, Quoc V. and Norouzi, Mohammad and Bengio, Samy},
  year = {2017},
  month = jan,
  number = {arXiv:1611.09940},
  eprint = {1611.09940},
  primaryclass = {cs},
  publisher = {arXiv},
  doi = {10.48550/arXiv.1611.09940},
  urldate = {2025-10-14},
  archiveprefix = {arXiv}
}
@inproceedings{sutskeverSequenceSequenceLearning2014,
  title = {Sequence to {{Sequence Learning}} with {{Neural Networks}}},
  booktitle = {Advances in {{Neural Information Processing Systems}}},
  author = {Sutskever, Ilya and Vinyals, Oriol and Le, Quoc V.},
  year = {2014},
  volume = {27},
  publisher = {Curran Associates, Inc.},
  urldate = {2025-10-14}
}
@misc{choLearningPhraseRepresentations2014,
  title = {Learning {{Phrase Representations}} Using {{RNN Encoder-Decoder}} for {{Statistical Machine Translation}}},
  author = {Cho, Kyunghyun and van Merrienboer, Bart and Gulcehre, Caglar and Bahdanau, Dzmitry and Bougares, Fethi and Schwenk, Holger and Bengio, Yoshua},
  year = {2014},
  month = sep,
  number = {arXiv:1406.1078},
  eprint = {1406.1078},
  primaryclass = {cs},
  publisher = {arXiv},
  doi = {10.48550/arXiv.1406.1078},
  urldate = {2025-10-14},
  archiveprefix = {arXiv}
}
@inproceedings{kondaActorCriticAlgorithms1999,
  title = {Actor-{{Critic Algorithms}}},
  booktitle = {Advances in {{Neural Information Processing Systems}}},
  author = {Konda, Vijay and Tsitsiklis, John},
  year = {1999},
  volume = {12},
  publisher = {MIT Press},
  urldate = {2025-10-14}
}
