@article{robertiExactMethodsTraveling2021,
  title = {Exact {{Methods}} for the {{Traveling Salesman Problem}} with {{Drone}}},
  author = {Roberti, Roberto and Ruthmair, Mario},
  year = 2021,
  month = mar,
  journal = {Transportation Science},
  volume = {55},
  number = {2},
  pages = {315--335},
  publisher = {INFORMS},
  issn = {0041-1655},
  doi = {10.1287/trsc.2020.1017},
  urldate = {2025-10-21},
  annotation = {TLDR: A compact mixed-integer linear program (MILP) is proposed for several TSP-D variants that is based on timely synchronizing truck and drone flows and can solve instances with up to 39 customers to optimality outperforming the state-of-the-art by more than doubling the manageable instance size.}
}
@article{murrayFlyingSidekickTraveling2015,
  title = {The Flying Sidekick Traveling Salesman Problem: {{Optimization}} of Drone-Assisted Parcel Delivery},
  shorttitle = {The Flying Sidekick Traveling Salesman Problem},
  author = {Murray, Chase C. and Chu, Amanda G.},
  year = 2015,
  month = may,
  journal = {Transportation Research Part C: Emerging Technologies},
  volume = {54},
  pages = {86--109},
  issn = {0968090X},
  doi = {10.1016/j.trc.2015.03.005},
  urldate = {2024-12-19},
  langid = {english},
  annotation = {TLDR: Two mathematical programming models aimed at optimal routing and scheduling of unmanned aircraft, and delivery trucks, in this new paradigm of parcel delivery are provided, motivated by a scenario in which an unmanned aerial vehicle works in collaboration with a traditional delivery truck to distribute parcels.\\
titleTranslation: 飞行伙伴旅行商问题：无人机辅助包裹递送的优化}
}
